@misc{manFork,
  title = "fork(2): create child process - Linux man page",
  howpublished = "http://linux.die.net/man/2/fork",
  note = "Accessed: 2014-11-3"
}
@misc{manExecve,
  title = "execve(2): execute program - Linux man page",
  howpublished = "http://linux.die.net/man/2/execve",
  note = "Accessed: 2014-11-3"
}
@misc{manKill,
  title = "kill(2): send signal to process - Linux man page",
  howpublished = "http://linux.die.net/man/2/kill",
  note = "Accessed: 2014-11-4"
}
@misc{manMalloc,
  title = "malloc(3): allocate/free dynamic memory - Linux man page",
  howpublished = "http://linux.die.net/man/3/malloc",
  note = "Accessed: 2014-11-4"
}
@misc{manPipe,
  title = "pipe(2): create pipe - Linux man page",
  howpublished = "http://linux.die.net/man/2/pipe",
  note = "Accessed: 2014-11-5"
}
@misc{manRead,
  title = "read(2): read from file descriptor - Linux man page",
  howpublished = "http://linux.die.net/man/2/read",
  note = "Accessed: 2014-11-5"
}
@misc{manWrite,
  title = "write(2): to file descriptor - Linux man page",
  howpublished = "http://linux.die.net/man/2/write",
  note = "Accessed: 2014-11-5"
}
@misc{CoC,
  title = "Code of conduct | Membership | BCS - The Chartered Institute for IT",
  howpublished = "http://www.bcs.org/category/6030",
  note = "Accessed: 2014-11-5"
}